<record xmlns="http://www.loc.gov/MARC21/slim" xmlns:xsi="http://www.w3.org/2001/XMLSchema-instance" xsi:schemaLocation="http://www.loc.gov/MARC21/slim http://www.loc.gov/standards/marcxml/schema/MARC21slim.xsd"><leader>00037nz   2200037n  4500</leader><controlfield tag="001">DNB|100649149</controlfield><controlfield tag="003">DNB</controlfield><controlfield tag="005">20061123230142.0</controlfield><controlfield tag="008">900616|||az|nnaa|||||||||||| a|aaa|||| d</controlfield><datafield ind1="7" ind2=" " tag="016"><subfield code="a">100649149</subfield><subfield code="2">GyFmDB</subfield></datafield><datafield ind1=" " ind2=" " tag="040"><subfield code="a">0000</subfield><subfield code="b">ger</subfield><subfield code="d">9999</subfield><subfield code="f">RAK-PND</subfield></datafield><datafield ind1="0" ind2=" " tag="100"><subfield code="a">Trichas</subfield><subfield code="d">12. Jh.</subfield></datafield><datafield ind1="0" ind2=" " tag="400"><subfield code="a">Tricha</subfield><subfield code="d">12. Jh.</subfield></datafield><datafield ind1="0" ind2=" " tag="400"><subfield code="a">Trichas,</subfield><subfield code="c">Grammatiker</subfield><subfield code="d">12. Jh.</subfield></datafield><datafield ind1=" " ind2=" " tag="500"><subfield code="t">Trichas: Tu sophōtatu Tricha Synopsis tōn ennea metrōn. - 1814</subfield></datafield><datafield ind1=" " ind2=" " tag="500"><subfield code="t">Hephaestion &lt;Alexandrinus&gt;: Hephaestionis de metris enchiridion et de poemate libellus cu*. - 1866</subfield></datafield><datafield ind1=" " ind2=" " tag="678"><subfield code="a">byzantin. Grammatiker; vielleicht identisch mit Iōannēs Trichas, der mit Michael Glykas korrespondiert hat</subfield></datafield><datafield ind1=" " ind2=" " tag="910"><subfield code="a">HEPHAESTIONIS DE METRIS ENCHIRIDION ET DE POEMATE LIBELLUS CU</subfield><subfield code="9">1</subfield></datafield><datafield ind1=" " ind2=" " tag="910"><subfield code="a">TU SOPHOTATU TRICHA SYNOPSIS TON ENNEA METRON</subfield><subfield code="9">2</subfield></datafield><datafield ind1=" " ind2=" " tag="921"><subfield code="a">WEIGELIUS</subfield><subfield code="9">1</subfield></datafield><datafield ind1=" " ind2=" " tag="922"><subfield code="a">gw</subfield><subfield code="9">1</subfield></datafield><datafield ind1=" " ind2=" " tag="940"><subfield code="a">ger</subfield><subfield code="9">1</subfield></datafield><datafield ind1=" " ind2=" " tag="943"><subfield code="a">186x</subfield><subfield code="9">1</subfield></datafield><datafield ind1=" " ind2=" " tag="943"><subfield code="a">181x</subfield><subfield code="9">2</subfield></datafield><datafield ind1=" " ind2=" " tag="944"><subfield code="a">am</subfield><subfield code="9">1</subfield></datafield><datafield ind1=" " ind2=" " tag="950"><subfield code="a">HEPHAESTION ALEXANDRINUS</subfield><subfield code="9">1</subfield></datafield><datafield ind1=" " ind2=" " tag="950"><subfield code="a">DEL FURIA FRANCESCO</subfield><subfield code="9">1</subfield></datafield><datafield ind1=" " ind2=" " tag="999"><subfield code="a">BVB|BV001705878</subfield></datafield></record>